@inproceedings{lucanu-rusu-arusoaie-nowak-LRC2015,
  author    = {Dorel Lucanu and
               Vlad Rusu and
               Andrei Arusoaie and
               David Nowak},
  title     = {Verifying Reachability-Logic Properties on Rewriting-Logic Specifications},
  booktitle = {Logic, Rewriting, and Concurrency - Essays dedicated to Jos{\'{e}}
               Meseguer on the Occasion of His 65th Birthday},
  editor    = {Narciso Mart{\'{\i}}{-}Oliet and
               Peter Csaba {\"{O}}lveczky and
               Carolyn L. Talcott},  series    = {Lecture Notes in Computer Science},
  volume    = {9200},
  publisher = {Springer},
  pages     = {451--474},
  year      = {2015},
  isbn      = {978-3-319-23164-8},
}

@inproceedings{stefanescu-ciobaca-mereuta-moore-serbanuta-rosu-2014-rta,
    author = "\c{S}tef\u{a}nescu, Andrei and Ciob\^{a}c\u{a}, {\c S}tefan and Mereu\c{t}\u{a}, Radu and Moore, Brandon M. and \c{S}erb\u{a}nu\c{t}\u{a}, Traian Florin and Ro\c{s}u, Grigore",
    publisher = "Springer",
    title = "All-Path Reachability Logic",
    series = "LNCS",
    booktitle = "Proceedings of the Joint 25th International Conference on Rewriting Techniques and Applications and 12th International Conference on Typed Lambda Calculi and Applications (RTA-TLCA'14)",
    month = "July",
    volume = "8560",
    year = "2014",
    pages = "425-440"
}

@inproceedings{rosu-stefanescu-2012-oopsla,
  author    = {Grigore Ro\c{s}u and Andrei \c{S}tef\u{a}nescu},
  title     = {Checking Reachability using Matching Logic},
  booktitle = {Proceedings of the 27th Conference on Object-Oriented Programming, Systems, Languages, and Applications (OOPSLA'12)},
  pages     = {555-574},
  year      = {2012},
  publisher = {ACM},
}

@article{Floyd1967Flowcharts,
  added-at = {2009-01-27T21:07:57.000+0100},
  author = {Floyd, Robert W.},
  description = {A formal grammar for flowcharts.},
  journal = {Proceedings of Symposium on Applied Mathematics},
  pages = {19-32},
  title = {Assigning Meanings to Programs},
  url = {http://laser.cs.umass.edu/courses/cs521-621.Spr06/papers/Floyd.pdf},
  volume = 19,
  year = 1967
}

@article{Hoare1969,
  author = {Hoare, Charles Antony Richard},
  journal = {Comm.~ACM},
  keywords = {contracts specification verification},
  month = {October},
  number = 10,
  pages = {576--580, 583},
  title = {{An Axiomatic Basis for Computer Programming}},
  volume = 12,
  year = 1969
}

@article{OHearnP99,
  author = {O'Hearn, Peter W. and Pym, David J.},
  date = {2006-03-31},
  ee = {http://www.math.ucla.edu/~asl/bsl/0502/0502-003.ps},
  journal = {Bulletin of Symbolic Logic},
  keywords = {dblp},
  number = 2,
  pages = {215-244},
  title = {The logic of bunched implications.},
  volume = 5,
  year = 1999
}

@inproceedings{Reynolds02,
  author = {Reynolds, John C.},
  booktitle = {{LICS}},
  keywords = {imported},
  pages = {55-74},
  title = {{Separation Logic: A Logic for Shared Mutable Data Structures}},
  year = {{2002}}
}

@article{HarelKT01,
  author = {Harel, David and Kozen, Dexter and Tiuryn, Jerzy},
  date = {2010-01-25},
  journal = {SIGACT News},
  number = 1,
  pages = {66-69},
  timestamp = {2010-01-26T11:36:15.000+0100},
  title = {Dynamic logic.},
  volume = 32,
  year = 2001
}


@inproceedings{rosu-stefanescu-2011-nier-icse,
title = {Matching {Logic}: {A} {New} {Program} {Verification} {Approach} ({NIER} {Track})},
author = {Grigore Ro\c{s}u and Andrei \c{S}tef\u{a}nescu},
booktitle = {ICSE'11: Proceedings of the 30th International Conference on Software Engineering},
year = {2011},
pages = {868--871},
publisher = {ACM},
isbn = {978-1-4503-0445-0},
}

@inproceedings{rosu-stefanescu-2012-icalp,
  author    = {Grigore Ro\c{s}u and Andrei \c{S}tef\u{a}nescu},
  title     = {Towards a Unified Theory of Operational and Axiomatic Semantics},
  booktitle = {Proceedings of the 39th International Colloquium on Automata, Languages and Programming (ICALP'12)},
  pages     = {351-363},
  volume    = {7392},
  series    = {Lecture Notes in Computer Science},
  publisher = {Springer},
  year      = {2012},
}

@inproceedings{rosu-ellison-schulte-2010-amast,
title = {Matching Logic: An Alternative to {H}oare/{F}loyd Logic},
author = {Ro\c{s}u, Grigore and Ellison, Chucky and Schulte, Wolfram},
booktitle = {Proceedings of the 13th International Conference on Algebraic Methodology And Software Technology (AMAST '10)},
year = {2010},
series = {Lecture Notes in Computer Science},
editor={Johnson, Michael and Pavlovic, Dusko},
volume = {6486},
pages={142-162},
isbn={978-3-642-17795-8},
}

@inproceedings{rosu-stefanescu-2012-fm,
  author    = {Grigore Ro\c{s}u and Andrei \c{S}tef\u{a}nescu},
  title     = {From Hoare Logic to Matching Logic Reachability},
  booktitle = {Proceedings of the 18th International Symposium on Formal Methods (FM'12)},
  year      = {2012},
  pages     = {387-402},
  series    = {Lecture Notes in Computer Science},
  volume    = {7436},
  publisher = {Springer},
}

@inproceedings{rosu-stefanescu-ciobaca-moore-2013-lics,
    author = "Ro\c{s}u, Grigore and \c{S}tef\u{a}nescu, Andrei and Ciob\^{a}c\u{a}, \c{S}tefan and Moore, Brandon M.",
    publisher = "IEEE",
    title = "One-Path Reachability Logic",
    booktitle = "Proceedings of the 28th Symposium on Logic in Computer Science (LICS'13)",
    month = "June",
    year = "2013",
    pages = "358-367"
}

@inproceedings{rosu-2015-rta,
    author = "Ro\c{s}u, Grigore",
    publisher = "Schloss Dagstuhl--Leibniz-Zentrum fuer Informatik",
    title = "Matching Logic --- Extended Abstract",
    series = "Leibniz International Proceedings in Informatics (LIPIcs)",
    booktitle = "Proceedings of the 26th International Conference on Rewriting Techniques and Applications (RTA'15)",
    year = "2015",
    month = "July",
    volume = "36",
    address = "Dagstuhl, Germany",
    pages = "5-21"
}


@techreport{arusoaie-lucanu-rusu-jsc2015-tr,
  TITLE = {{A Generic Framework for Symbolic Execution}},
  AUTHOR = {Arusoaie, Andrei and Lucanu, Dorel and Rusu, Vlad},
  URL = {https://hal.inria.fr/hal-00766220},
  TYPE = {Research Report},
  NUMBER = {RR-8189},
  PAGES = {41},
  INSTITUTION = {{Inria}},
  YEAR = {2015},
  MONTH = Sep,
  KEYWORDS = {Symbolic Execution ; Program Verification ; K framework},
  PDF = {https://hal.inria.fr/hal-00766220/file/jsc2014-techreport.pdf},
  HAL_ID = {hal-00766220},
  HAL_VERSION = {v7},
}

@book{fitzpatrick2007euclid,
  title={Euclid's Elements},
  author={Fitzpatrick, R. and Heiberg, J.L.},
  isbn={9780615179841},
  url={https://books.google.fr/books?id=7HDWIOoBZUAC},
  year={2007},
  publisher={Richard Fitzpatrick}
}

@inproceedings{RWTmoduloSMT,
  author    = {Camilo Rocha and
               Jos{\'{e}} Meseguer and
               C{\'{e}}sar A. Mu{\~{n}}oz},
  title     = {Rewriting Modulo {SMT} and Open System Analysis},
  booktitle = {Rewriting Logic and Its Applications - 10th International Workshop,
               {WRLA} 2014, Held as a Satellite Event of ETAPS, Grenoble, France,
               April 5-6, 2014, Revised Selected Papers},
  pages     = {247--262},
  year      = {2014},
  timestamp = {Mon, 17 Nov 2014 13:44:09 +0100},
  biburl    = {http://dblp.uni-trier.de/rec/bib/conf/wrla/RochaMM14},
  bibsource = {dblp computer science bibliography, http://dblp.org}
}

@inproceedings{ArusoaieLR2013SLE,
    author    = {Andrei Arusoaie and Dorel Lucanu and Vlad Rusu},
    title     = {A Generic Framework for Symbolic Execution},
    booktitle = {6th International Conference on Software Language Engineering},
    publisher = {Springer Verlag},
    volume   = {8225},
    series   = {LNCS},
    pages    = {281-301},
    year      = {2013},
   note = {Also available as a technical report 
 \url{http://hal.inria.fr/hal-00853588}.}
}

@article{rosu-serbanuta-2010-jlap,
  title={An Overview of the {K} Semantic Framework},
  author={Grigore Ro{\c s}u and Traian Florin {\c S}erb{\u a}nu{\c t}{\u a} },
  journal={Journal of Logic and Algebraic Programming},
  volume={79},
  number={6},
  pages={397--434},
  year={2010},
}

@inproceedings{rosu-serbanuta-2013-k,
    author = "Ro\c{s}u, Grigore and \c{S}erb\u{a}nu\c{t}\u{a}, Traian Florin",
    publisher = "Elsevier",
    title = "K Overview and SIMPLE Case Study",
    series = "ENTCS",
    booktitle = "Proceedings of International K Workshop (K'11)",
    month = "June",
    volume = "304",
    year = "2014",
    pages = "3-56"
}

@article{serbanuta201457,
author = "Traian Florin \c{S}erb\u{a}nu\c{t}\u{a} and Andrei Arusoaie and David Lazar and Chucky Ellison and Dorel Lucanu and Grigore Ro\c{s}u",
title = "The Primer (version 3.3) ",
journal = "Electronic Notes in Theoretical Computer Science ",
volume = "304",
pages = "57 - 80",
year = "2014",
note = "Proceedings of the Second International Workshop on the K Framework and its Applications (K 2011)",
issn = "1571-0661",
}


@inproceedings{bogdanas-rosu-2015-popl,
    author = "Denis Bogd\u{a}na\c{s} and Grigore Ro\c{s}u",
    publisher = "ACM",
    title = "{K-Java: A Complete Semantics of Java}",
    booktitle = "Proceedings of the 42nd Symposium on Principles of Programming Languages (POPL'15)",
    month = "January",
    year = "2015",
    pages = "445-456"
}

@InProceedings{ellison-rosu-2012-popl,
author = "Chucky Ellison and Grigore Ro{\c s}u",
publisher = "ACM",
title = "An Executable Formal Semantics of {C} with Applications",
booktitle = "Proceedings of the 39th Symposium on Principles of Programming Languages (POPL'12)",
year = "2012",
pages = "533-544",
}

@inproceedings{hathhorn-ellison-rosu-2015-pldi,
    author = "Hathhorn, Chris and Ellison, Chucky and Ro\c{s}u, Grigore",
    publisher = "ACM",
    title = "Defining the Undefinedness of C",
    booktitle = "Proceedings of the 36th ACM SIGPLAN Conference on Programming Language Design and Implementation (PLDI'15)",
    month = "June",
    year = "2015",
    pages = "336-345"
}
@inproceedings{park-stefanescu-rosu-2015-pldi,
    author = "Park, Daejun and \c{S}tef\u{a}nescu, Andrei and Ro\c{s}u, Grigore",
    publisher = "ACM",
    title = "{KJS}: A Complete Formal Semantics of {JavaScript}",
    booktitle = "Proceedings of the 36th ACM SIGPLAN Conference on Programming Language Design and Implementation (PLDI'15)",
    month = "June",
    year = "2015",
    pages = "346-356"
}

@inproceedings{Marti:2006:FVH:2105385.2105412,
 author = {Marti, Nicolas and Affeldt, Reynald and Yonezawa, Akinori},
 title = {Formal Verification of the Heap Manager of an Operating System Using Separation Logic},
 booktitle = {Proceedings of the 8th International Conference on Formal Methods and Software Engineering},
 series = {ICFEM'06},
 year = {2006},
 isbn = {3-540-47460-9, 978-3-540-47460-9},
 location = {Macao, China},
 pages = {400--419},
 numpages = {20},
 acmid = {2105412},
 publisher = {Springer-Verlag},
 address = {Berlin, Heidelberg},
}

@techreport{arusoaie:hal-00766220,
  TITLE = {{A Generic Framework for Symbolic Execution: Theory and Applications}},
  AUTHOR = {Arusoaie, Andrei and Lucanu, Dorel and Rusu, Vlad},
  URL = {https://hal.inria.fr/hal-00766220},
  TYPE = {Research Report},
  NUMBER = {RR-8189},
  PAGES = {41},
  INSTITUTION = {{Inria}},
  YEAR = {2015},
  MONTH = Sep,
  KEYWORDS = {Symbolic Execution ; Program Verification ; K framework},
  PDF = {https://hal.inria.fr/hal-00766220/file/jsc2014-techreport.pdf},
  HAL_ID = {hal-00766220},
  HAL_VERSION = {v8},
}

@book{Appel:2014:PLC:2670099,
 author = {Appel, Andrew W. and Dockins, Robert and Hobor, Aquinas and Beringer, Lennart and Dodds, Josiah and Stewart, Gordon and Blazy, Sandrine and Leroy, Xavier},
 title = {Program Logics for Certified Compilers},
 year = {2014},
 isbn = {110704801X, 9781107048010},
 publisher = {Cambridge University Press},
 address = {New York, NY, USA},
}


@article{DBLP:journals/corr/abs-1105-4537,
  author    = {Thomas Braibant and
               Damien Pous},
  title     = {Deciding Kleene Algebras in Coq},
  journal   = {Logical Methods in Computer Science},
  volume    = {8},
  number    = {1},
  year      = {2012},
  timestamp = {Tue, 17 Apr 2012 19:37:53 +0200},
  biburl    = {http://dblp.uni-trier.de/rec/bib/journals/corr/abs-1105-4537},
  bibsource = {dblp computer science bibliography, http://dblp.org}
}



@TechReport{festschriftJM15-tr,
author = "Andrei Arusoaie and
Dorel Lucanu and
David Nowak and
Vlad Rusu ",
title = "{V}erifying {R}eachability-{L}ogic {P}roperties on {R}ewriting-{L}ogic {S}pecifications",
institution = "``Al.I.Cuza'' University of Ia{\c s}i,
                 Faculty of Computer Science",
year = "2015",
number = "TR 15-01",
note = "\url{http://www.infoiasi.ro/~tr/tr.pl.cgi}"
}


@inproceedings{DBLP:conf/types/Besson06,
  author    = {Fr{\'{e}}d{\'{e}}ric Besson},
  title     = {Fast Reflexive Arithmetic Tactics the Linear Case and Beyond},
  booktitle = {Types for Proofs and Programs, International Workshop, {TYPES} 2006,
               Nottingham, UK, April 18-21, 2006, Revised Selected Papers},
  pages     = {48--62},
  year      = {2006},
}

@techreport{moore-rosu-2015-tr,
    author = "Moore, Brandon and Ro\c{s}u, Grigore",
    month = "February",
    year = "2015",
    number = "http://hdl.handle.net/2142/73177",
    institution = "University of Illinois",
    title = "Program Verification by Coinduction"
}

@inproceedings{weber04towards,
  author    = {Tjark Weber},
  title     = {Towards Mechanized Program Verification with Separation Logic},
  editor    = {Jerzy Marcinkowski and Andrzej Tarlecki},
  booktitle = {Computer Science Logic~-- 18th International Workshop, CSL 2004, 13th Annual Conference of the EACSL, Karpacz, Poland, September 2004, Proceedings},
  volume    = {3210},
  series    = {Lecture Notes in Computer Science},
  pages     = {250--264},
  publisher = {Springer},
  month     = sep,
  year      = {2004},
  isbn      = {3-540-23024-6}
}

@inproceedings{Tuch_Klein_05,
    author           = {Harvey Tuch and Gerwin Klein},
    title            = {A Unified Memory Model for Pointers},
    month            = {dec},
    year             = {2005},
    booktitle        = {Proceedings of the 12th International Conference on Logic for Programming, Artificial Intelligence
                        and Reasoning},
    pages            = {474--488},
    address          = {Montego Bay, Jamaica}
  }

@incollection{schirmer,
year={2005},
isbn={978-3-540-25236-8},
booktitle={Logic for Programming, Artificial Intelligence, and Reasoning},
volume={3452},
series={Lecture Notes in Computer Science},
editor={Baader, Franz and Voronkov, Andrei},
title={A Verification Environment for Sequential Imperative Programs in Isabelle/HOL},
publisher={Springer Berlin Heidelberg},
author={Schirmer, Norbert},
pages={398-414},
}

@INPROCEEDINGS{ChaiebN-LPAR05,
  author = {A. Chaieb and T. Nipkow},
  title = {{Verifying and reflecting quantifier elimination for Presburger arithmetic}},
  editor = {G. Stutcliffe and A. Voronkov},
  booktitle = {Logic for Programming, Artificial Intelligence, and Reasoning},
  year = 2005,
  publisher = {Springer},
  series = {LNAI},
  volume = {3835},
  abstract = {We present an implementation and verification in higher-order logic of
            Cooper's quantifier elimination for Presburger arithmetic.
            Reflection, i.e. the direct execution in ML, yields a speed-up of a
            factor of 200 over an LCF-style implementation and performs as well as
            a decision procedure hand-coded in ML.},
  pdf = {http://www4.in.tum.de/~chaieb/pubs/pdf/lpar05.pdf}
}