@TechReport{vrlprls,
author = "Andrei Arusoaie and Dorel Lucanu and David Nowak and Vlad Rusu",
title = "{Verifying Reachability-Logic Properties on Rewriting-Logic Specifications (Extended Version)}",
institution = "``Al.I.Cuza'' University of Ia{\c s}i,
                 Faculty of Computer Science",
year = "2015",
number = "TR 15-01",
note = "\url{http://www.infoiasi.ro/~tr/tr.pl.cgi}"
}

@inproceedings{rosu-stefanescu-ciobaca-moore-2013-lics,
    author = "Ro\c{s}u, Grigore and \c{S}tef\u{a}nescu, Andrei and Ciob\^{a}c\u{a}, \c{S}tefan and Moore, Brandon M.",
    publisher = "IEEE",
    doi = "",
    title = "One-Path Reachability Logic",
    booktitle = "Proceedings of the 28th Symposium on Logic in Computer Science (LICS'13)",
    month = "June",
    year = "2013",
    pages = "358-367"
}

@inproceedings{rosu-stefanescu-2012-oopsla,
  author    = {Grigore Rosu and Andrei Stefanescu},
  title     = {Checking Reachability using Matching Logic},
  booktitle = {Proceedings of the 27th Conference on Object-Oriented Programming, Systems, Languages, and Applications (OOPSLA'12)},
  pages     = {555-574},
  year      = {2012},
  publisher = {ACM},
  ee        = {http://doi.acm.org/10.1145/2384616.2384656},
}

@inproceedings{rosu-stefanescu-2012-fm,
  author    = {Grigore Rosu and Andrei Stefanescu},
  title     = {From Hoare Logic to Matching Logic Reachability},
  booktitle = {Proceedings of the 18th International Symposium on Formal Methods (FM'12)},
  year      = {2012},
  pages     = {387-402},
  series    = {Lecture Notes in Computer Science},
  volume    = {7436},
  publisher = {Springer},
}

@inproceedings{stefanescu-ciobaca-mereuta-moore-serbanuta-rosu-2014-rta,
    author = "\c{S}tef\u{a}nescu, Andrei and Ciob\^{a}c\u{a}, \c{S}tefan and Mereu\c{t}\u{a}, Radu and Moore, Brandon M. and \c{S}erb\u{a}nu\c{t}\u{a}, Traian Florin and Ro\c{s}u, Grigore",
    publisher = "Springer",
    doi = "http://dx.doi.org/10.1007/978-3-319-08918-8_29",
    title = "All-Path Reachability Logic",
    series = "LNCS",
    booktitle = "Proceedings of the Joint 25th International Conference on Rewriting Techniques and Applications and 12th International Conference on Typed Lambda Calculi and Applications (RTA-TLCA'14)",
    month = "July",
    volume = "8560",
    year = "2014",
    pages = "425-440"
}

@InProceedings{ellison-rosu-2012-popl,
author = "Chucky Ellison and Grigore Ro{\c s}u",
title = "An Executable Formal Semantics of {C} with Applications",
booktitle = "Proceedings of the 39th Symposium on Principles of Programming Languages (POPL'12)",
year = "2012",
pages = "533-544",
publisher = "ACM",
doi = "10.1145/2103656.2103719"
}

@inproceedings{bogdanas-rosu-2015-popl,
    author = "Bogd\u{a}na\c{s}, Denis and Ro\c{s}u, Grigore",
    publisher = "ACM",
    doi = "http://dx.doi.org/10.1145/2676726.2676982",
    title = "{K-Java: A Complete Semantics of Java}",
    booktitle = "Proceedings of the 42nd Symposium on Principles of Programming Languages (POPL'15)",
    month = "January",
    year = "2015",
    pages = "445-456"
}
